%chapter:internal combustion engine
@article{Nielsen_2000,
	doi = {10.1088/0957-0233/11/12/708},
	url = {https://doi.org/10.1088%2F0957-0233%2F11%2F12%2F708},
	year = 2000,
	month = {nov},
	publisher = {{IOP} Publishing},
	volume = {11},
	number = {12},
	author = {U Kiencke and L Nielsen},
	title = {Automotive Control Systems: For Engine, Driveline, and Vehicle},
	journal = {Measurement Science and Technology}



@book{worldbank,
    title={Air pollution from motor
vehicles: standards and technologies for controlling emissions.
},
    author={Faiz A, Weaver CS, Walsh MP},
    year={1996},
    publisher={Washington, DC: The World Bank}
}

@article{TWIGG20072,
title = "Progress and future challenges in controlling automotive exhaust gas emissions",
journal = "Applied Catalysis B: Environmental",
volume = "70",
number = "1",
pages = "2 - 15",
year = "2007",
note = "Papers presented at the 4th International Conference on Environmental Catalysis (4th ICEC)Heidelberg, Germany, June 05 â€“ 08, 2005.",
issn = "0926-3373",
doi = "https://doi.org/10.1016/j.apcatb.2006.02.029",
url = "http://www.sciencedirect.com/science/article/pii/S0926337306002013",
author = "Martyn V. Twigg"
}

@book{sher1998handbook,
  title={Handbook of Air Pollution from Internal Combustion Engines: Pollutant Formation and Control},
  author={Sher, E.},
  isbn={9780080532752},
  url={https://books.google.gr/books?id=nWVwam2PVkoC},
  year={1998},
  publisher={Elsevier Science}
}


@misc{bosch,
  TITLE = {40 Years of Bosch Lambda Sensor},
  howpublished = {\url{https://www.bosch.com/stories/40-years-of-bosch-lambda-sensor/}},
  publisher = {Bosch History Blog},
  YEAR = {2016},
  Month = {07},
}

@techreport{baltusis2004board,
  title={On board vehicle diagnostics},
  author={Baltusis, Paul},
  year={2004},
  institution={SAE Technical Paper}
}

@article{richter2006understanding,
  title={Understanding the ECU},
  author={Richter, Matt},
  journal={MC Squared Magazine},
  pages={62--65},
  year={2006}
}

@ARTICLE{1622233, 
author={D. S. {Eddy}}, 
journal={IEEE Transactions on Vehicular Technology}, 
title={Physical principles of the zirconia exhaust gas sensor}, 
year={1974}, 
volume={23}, 
number={4}, 
pages={125-128}, 
keywords={Gas detectors;Internal combustion engines;Electrodes;Galvanizing;Control systems;Fuels;Narrowband;Ceramics;Platinum;Equations}, 
doi={10.1109/T-VT.1974.23583}, 
ISSN={0018-9545}, 
month={Nov},}

@misc{zirconia,
  TITLE = {Enlarged cross sectional representation of the zirconia substrate},
  howpublished = {\url{https://www.systechillinois.com/assets/uploads/assets/uploads/Zirconia.pdf}},
  publisher = {Systech Instruments Ltd (UK), 17 Thame Park Business Centre, Wenman Road, Thame, Oxfordshire OX9 3XA},
}



@book{kiencke2005automotive,
  title={Automotive Control Systems: For Engine, Driveline, and Vehicle},
  author={Kiencke, U. and Nielsen, L.},
  isbn={9783540264842},
  url={https://books.google.gr/books?id=8ayEIHoqvI4C},
  year={2005},
  publisher={Springer Berlin Heidelberg}
}


@article{gerblinger1991fast,
  title={Fast oxygen sensors based on sputtered strontium titanate},
  author={Gerblinger, J and Meixner, H},
  journal={Sensors and Actuators B: Chemical},
  volume={4},
  number={1-2},
  pages={99--102},
  year={1991},
  publisher={Elsevier}
}

@misc{wideband,
  TITLE = {Cutway view of a wideband sensor},
  howpublished = {\url{https://secure.lambdapower.co.uk/TechNotes/Tech-8.asp/}},
  publisher = {Lambda Power},
}


@article{widebandarticle,
author = {Moos, Ralf},
title = {A Brief Overview on Automotive Exhaust Gas Sensors Based on Electroceramics},
journal = {International Journal of Applied Ceramic Technology},
volume = {2},
number = {5},
pages = {401-413},
doi = {10.1111/j.1744-7402.2005.02041.x},
url = {https://ceramics.onlinelibrary.wiley.com/doi/abs/10.1111/j.1744-7402.2005.02041.x},
eprint = {https://ceramics.onlinelibrary.wiley.com/doi/pdf/10.1111/j.1744-7402.2005.02041.x},
year = {2005},
}


@article{manahan,
	author={SE Manahan},
  title={Environmental chemistry},
  journal={CRC Press LLC},
  pages={783},
  year={2005},
  publisher={Boca Raton},
}



@book{heywood1988internal,
  title={Internal Combustion Engine Fundamentals},
  author={Heywood, J.},
  isbn={9780070286375},
  lccn={lc87015251},
  url={https://books.google.gr/books?id=u9FSAAAAMAAJ},
  year={1988},
  publisher={McGraw-Hill Education}
}


@article{chang1996novel,
  title={Novel oxygen storage components for advanced catalysts for emission control in natural gas fueled vehicles},
  author={Chang, Yun-feng and McCarty, Jon G},
  journal={Catalysis Today},
  volume={30},
  number={1-3},
  pages={163--170},
  year={1996},
  publisher={Elsevier}
}


@misc{catalyticconverter,
  TITLE = {Three-way catalytic converter with ceramic substrates},
  howpublished = {\url{https://ww3.arb.ca.gov/research/seminars/mooney/mooney.pdf}},
  publisher = {California Air Resources Board
Chairman Invitational Seminar Series
October 9, 2007},
}

%%chapter: control

@inproceedings{aastrom2006challenges,
  title={Challenges in control education},
  author={{\AA}str{\"o}m, Karl Johan},
  booktitle={7th IFAC Symposium on Advances in control Education, Madrid, Spain},
  year={2006}
}


@misc{stability,
  TITLE = {Cutway view of a wideband sensor},
  howpublished = {\url{https://isaacscienceblog.com/2017/08/14/control-system-stability/}},
  publisher = {Isaac's science blog}
}




@book{dorf2011modern,
  title={Modern control systems},
  author={Dorf, Richard C and Bishop, Robert H},
  year={2011},
  publisher={Pearson}
}

@book{grimble2006robust,
  title={Robust Industrial Control Systems: Optimal Design Approach for Polynomial Systems},
  author={Grimble, M.J.},
  isbn={9780470020746},
  url={https://books.google.gr/books?id=bbZUgKDK-VsC},
  year={2006},
  publisher={Wiley}
}

@article{tay1998high,
  title={High performance control(Book)},
  author={Tay, Teng-Tiow and Mareels, Iven and Moore, John B},
  journal={Cambridge, MA: Birkhaeuser Boston, 1998.},
  year={1998}
}

@book{ogata1995discrete,
  title={Discrete-time control systems},
  author={Ogata, Katsuhiko and others},
  volume={2},
  year={1995},
  publisher={Prentice Hall Englewood Cliffs, NJ}
}

@book{aastrom1995pid,
  title={PID controllers: theory, design, and tuning},
  author={{\AA}str{\"o}m, Karl Johan and H{\"a}gglund, Tore},
  volume={2},
  year={1995},
  publisher={Instrument society of America Research Triangle Park, NC}
}

@article{desborough2000regulatory,
  title={Regulatory control survey},
  author={Desborough, L and Miller, R and Nordh, P},
  journal={Unpublished Manuscript, Honeywell},
  volume={88},
  year={2000}
}

@inproceedings{PidC8,
  title={Pid Control 8.1 Introduction},
  publisher={https://www.semanticscholar.org/paper/Pid-Control-8.1-Introduction/818e09a1efb8ba9bec54e7ebd9f5c94c6603f90c}
}


@misc{wikixxx,
   Title = {A block diagram of a PID controller},
   year = "2014",
   howpublished = {\url{https://commons.wikimedia.org/w/index.php?title=File:PID.svg&oldid=132481731}}
}

@book{pid,
  title={PID controllers: theory, design, and tuning},
  author={H{\"a}gglund, Tore},
  volume={2}
}

%%chapter:case study

@mastersthesis{dtu,
  author       = {Holmskov}, 
  title        = {A Control System for an Internal
Combustion Engine},
  school       = {Laboratory for
Energetics, The Technical University of Denmark},
  year         = 1990,
  month        = 9
}

  
@article{hendricks1990mean,
  title={Mean value modelling of spark ignition engines},
  author={Hendricks, Elbert and Sorenson, Spencer C},
  journal={SAE transactions},
  pages={1359--1373},
  year={1990},
  publisher={JSTOR}
} 

@article{lambdacontrol,
  title={Robust predictive control of lambda in internal combustion engines using neural networks},
  author={Sardarmehni, T and Keighobadi, J and Menhaj, MB and Rahmani, H},
  journal={Archives of Civil and mechanical Engineering},
  volume={13},
  number={4},
  pages={432--443},
  year={2013},
  publisher={Elsevier}
}

@article{manifold,
  title={Modelling of the intake manifold filling dynamics},
  author={Hendricks, Elbert and Chevalier, Alain and Jensen, Michael and Sorenson, Spencer C and Trumpy, Dave and Asik, Joe},
  journal={SAE transactions},
  pages={122--146},
  year={1996},
  publisher={JSTOR}
}


@article{aquino1981transient,
  title={Transient A/F control characteristics of the 5 liter central fuel injection engine},
  author={Aquino, Charles F},
  journal={SAE Transactions},
  pages={1819--1833},
  year={1981},
  publisher={JSTOR}
}


@Misc{pidcode,
author =   { Mohammad Saadeh},
title =    {MATLAB based PID controller},
howpublished = {\url{https://www.mathworks.com/matlabcentral/fileexchange/35163-matlab-based-pid-controller}},
year = {20 Feb 2012}
}

%%%%%%%intro

@techreport{haagen1955automobile,
  title={Automobile exhaust and ozone formation},
  author={Haagen-Smit, AJ and Fox, Margaret M},
  year={1955},
  institution={SAE Technical Paper}
}

@article{haagen1953ozone,
  title={Ozone formation in photochemical oxidation of organic substances},
  author={Haagen-Smit, Arie J and Bradley, CE and Fox, Margaret M},
  journal={Industrial \& Engineering Chemistry},
  volume={45},
  number={9},
  pages={2086--2089},
  year={1953},
  publisher={ACS Publications}
}

@article{la,
  title={Injury to herbaceous plants by smog or air-pollution.},
  author={Middleton, John T and others},
  journal={Plant Disease Reporter},
  volume={34},
  pages={245--52},
  year={1950}
}

%%%%%%%% chapter : conclusion

@article{zhai2009neural,
  title={Neural network model-based automotive engine air/fuel ratio control and robustness evaluation},
  author={Zhai, Yu-Jia and Yu, Ding-Li},
  journal={Engineering Applications of Artificial Intelligence},
  volume={22},
  number={2},
  pages={171--180},
  year={2009},
  publisher={Elsevier}
}